<?xml version="1.0" encoding="UTF-8"?><record xmlns="http://www.loc.gov/MARC21/slim" xmlns:cinclude="http://apache.org/cocoon/include/1.0" xmlns:zs="http://www.loc.gov/zing/srw/">
  <leader>01150cz  a2200277n  4500</leader>
  <controlfield tag="001">n  85124833 </controlfield>
  <controlfield tag="003">DLC</controlfield>
  <controlfield tag="005">20141007074149.0</controlfield>
  <controlfield tag="008">851022n| azannaabn          |b aaa      </controlfield>
  <datafield tag="010" ind1=" " ind2=" ">
    <subfield code="a">n  85124833 </subfield>
  </datafield>
  <datafield tag="024" ind1="7" ind2=" ">
    <subfield code="a">23573162 (Personal)</subfield>
    <subfield code="2">viaf</subfield>
  </datafield>
  <datafield tag="035" ind1=" " ind2=" ">
    <subfield code="a">(OCoLC)oca01422343</subfield>
  </datafield>
  <datafield tag="040" ind1=" " ind2=" ">
    <subfield code="a">DLC</subfield>
    <subfield code="b">eng</subfield>
    <subfield code="e">rda</subfield>
    <subfield code="c">DLC</subfield>
    <subfield code="d">DLC</subfield>
    <subfield code="d">OCoLC</subfield>
    <subfield code="d">NNC</subfield>
  </datafield>
  <datafield tag="046" ind1=" " ind2=" ">
    <subfield code="f">19080313</subfield>
    <subfield code="g">1991</subfield>
  </datafield>
  <datafield tag="100" ind1="1" ind2=" ">
    <subfield code="a">Yamagata, Yūsaku,</subfield>
    <subfield code="d">1908-1991</subfield>
  </datafield>
  <datafield tag="374" ind1=" " ind2=" ">
    <subfield code="a">Screenwriters</subfield>
    <subfield code="2">lcsh</subfield>
  </datafield>
  <datafield tag="377" ind1=" " ind2=" ">
    <subfield code="a">jpn</subfield>
  </datafield>
  <datafield tag="400" ind1="1" ind2=" ">
    <subfield code="a">Machida, Keiichirō,</subfield>
    <subfield code="d">1908-1991</subfield>
  </datafield>
  <datafield tag="400" ind1="1" ind2=" ">
    <subfield code="w">nne</subfield>
    <subfield code="a">Yamagata, Yūsaku,</subfield>
    <subfield code="d">1908-</subfield>
  </datafield>
  <datafield tag="400" ind1="1" ind2=" ">
    <subfield code="a">山形雄策,</subfield>
    <subfield code="d">1908-1991</subfield>
  </datafield>
  <datafield tag="400" ind1="1" ind2=" ">
    <subfield code="a">町田敬一郎,</subfield>
    <subfield code="d">1908-1991</subfield>
  </datafield>
  <datafield tag="667" ind1=" " ind2=" ">
    <subfield code="a">Machine-derived non-Latin script reference project.</subfield>
  </datafield>
  <datafield tag="667" ind1=" " ind2=" ">
    <subfield code="a">Non-Latin script references not evaluated.</subfield>
  </datafield>
  <datafield tag="670" ind1=" " ind2=" ">
    <subfield code="a">Yamamoto Satsuo enshutsu no shūhen, 1984:</subfield>
    <subfield code="b">colophon (Yamagata Yūsaku) p. 8 (scenario writer)</subfield>
  </datafield>
  <datafield tag="670" ind1=" " ind2=" ">
    <subfield code="a">Chosakuken daichō, 1985</subfield>
    <subfield code="b">(Yamagata Yūsaku; b. 3/13/Meiji 41; real name: Machida Keiichirō)</subfield>
  </datafield>
  <datafield tag="670" ind1=" " ind2=" ">
    <subfield code="a">JTNDL in VIAF, Oct. 3, 2014</subfield>
    <subfield code="b">(hdg.: 山形, 雄策, 1908-1991 = Yamagata, Yūsaku, 1908-1991; r; x-ref.: real name: 町田, 敬一郎 = Machida Keiichirō)</subfield>
  </datafield>
</record>